<record><leader>00000cas a22000007a 4500</leader><controlfield tag="001">26347845</controlfield><controlfield tag="008">920807d189u189unyuuu ne      0    0eng d</controlfield><datafield ind1=" " ind2=" " tag="010"><subfield code="a">sn 92062023 </subfield></datafield><datafield ind1=" " ind2=" " tag="040"><subfield code="a">NYS</subfield><subfield code="b">eng</subfield><subfield code="c">NYS</subfield><subfield code="d">OCLCQ</subfield></datafield><datafield ind1=" " ind2=" " tag="042"><subfield code="a">msc</subfield></datafield><datafield ind1="0" ind2=" " tag="130"><subfield code="a">Press (Delevan, N.Y.)</subfield></datafield><datafield ind1="1" ind2="4" tag="245"><subfield code="a">The press.</subfield></datafield><datafield ind1=" " ind2=" " tag="260"><subfield code="a">Delevan, N.Y. :</subfield><subfield code="b">W.F. Persons</subfield></datafield><datafield ind1=" " ind2=" " tag="300"><subfield code="a">v.</subfield></datafield><datafield ind1=" " ind2=" " tag="588"><subfield code="a">Description based on: 15th year (Apr. 16, 1897).</subfield></datafield><datafield ind1=" " ind2="4" tag="651"><subfield code="a">Delevan (N.Y.)</subfield><subfield code="v">Newspapers.</subfield></datafield><datafield ind1=" " ind2="4" tag="651"><subfield code="a">Cattaraugus County (N.Y.)</subfield><subfield code="v">Newspapers.</subfield></datafield><datafield ind1=" " ind2=" " tag="752"><subfield code="a">United States</subfield><subfield code="b">New York</subfield><subfield code="c">Cattaraugus</subfield><subfield code="d">Delevan.</subfield></datafield><datafield ind1="0" ind2="0" tag="780"><subfield code="t">Delevan press</subfield><subfield code="w">(DLC)sn 92062022</subfield></datafield><datafield ind1="0" ind2="0" tag="785"><subfield code="t">Cattaraugus Co. press</subfield><subfield code="w">(DLC)sn 92062024</subfield></datafield><datafield ind1="1" ind2=" " tag="029"><subfield code="a">AU@</subfield><subfield code="b">000020717248</subfield></datafield></record>